@inproceedings{Callison-Burch2006,
    author = {Callison-Burch, Chris and Osborne, Miles and Koehn, Philipp},
    title = {Re-evaluating the Role of {B}leu in Machine Translation Research},
    booktitle = {11th Conference of the {E}uropean Chapter of the Association for Computational Linguistics},
    year = {2006},
    pages = {249--256},
    url = {https://www.aclweb.org/anthology/E06-1032},
    publisher = {Association for Computational Linguistics},
    month = {April}
}

@BOOK{Jurafsky2009,
    title = {Speech and Language Processing},
    publisher = {Prentice Hall},
    year = {2009},
    author = {Daniel Jurafsky and James H. Martin},
    edition = {2nd}
}

@INPROCEEDINGS{Koehn2005,
    author = {Philipp Koehn},
    title = {{Europarl: A Parallel Corpus for Statistical Machine Translation}},
    booktitle = {Proceedings of the MT Summit 2005},
    year = {2005},
    pages = {79--86},
    url = {http://www.iccs.inf.ed.ac.uk/~pkoehn/publications/europarl-mtsummit05.pdf}
}

@BOOK{Manning2000,
    title = {Foundations of Statistical Natural Language Processing},
    publisher = {The MIT Press},
    year = {2000},
    author = {Christopher D. Manning and Hinrich Schütze},
    address = {Cambridge, Massachusetts; London, England},
    abstract = {Chapter 13: Statistical Alignment and Machine Translation}
}

@inproceedings{artetxe2019cross,
    title = {On the Cross-lingual Transferability of Monolingual Representations},
    author = {Artetxe, Mikel and Ruder, Sebastian and Yogatama, Dani},
    year = {2020},
    booktitle = {Proceedings of the 58th Annual Meeting of the Association for Computational Linguistics},
    pages = {4623--4637},
    publisher = {Association for Computational Linguistics},
    url = {https://www.aclweb.org/anthology/2020.acl-main.421},
    month = {July}
}

@inproceedings{conneau2018xnli,
    title = {{XNLI}: Evaluating Cross-lingual Sentence Representations},
    author = {Conneau, Alexis and Rinott, Ruty and Lample, Guillaume and Williams, Adina and Bowman, Samuel and Schwenk, Holger and Stoyanov, Veselin},
    year = {2018},
    booktitle = {Proceedings of the 2018 Conference on Empirical Methods in Natural Language Processing},
    doi = {10.18653/v1/D18-1269},
    pages = {2475--2485},
    publisher = {Association for Computational Linguistics},
    url = {https://www.aclweb.org/anthology/D18-1269},
    month = {October-November}
}

@misc{jurafsky2014speech,
    title = {Speech and language processing. Vol. 3},
    author = {Jurafsky, Dan and Martin, James H},
    year = {2014},
    publisher = {Pearson London London}
}

@inproceedings{lewis2019mlqa,
    title = {{MLQA}: Evaluating Cross-lingual Extractive Question Answering},
    author = {Lewis, Patrick and Oguz, Barlas and Rinott, Ruty and Riedel, Sebastian and Schwenk, Holger},
    year = {2020},
    booktitle = {Proceedings of the 58th Annual Meeting of the Association for Computational Linguistics},
    pages = {7315--7330},
    publisher = {Association for Computational Linguistics},
    url = {https://www.aclweb.org/anthology/2020.acl-main.653},
    month = {July}
}

@inproceedings{sanger2016scare,
    title = {{SCARE} ― The Sentiment Corpus of App Reviews with Fine-grained Annotations in {G}erman},
    author = {S{\"a}nger, Mario and Leser, Ulf and Kemmerer, Steffen and Adolphs, Peter and Klinger, Roman},
    booktitle = {Proceedings of the Tenth International Conference on Language Resources and Evaluation ({LREC}'16)},
    pages = {1114--1121},
    year = {2016},
    publisher = {European Language Resources Association (ELRA)},
    url = {https://www.aclweb.org/anthology/L16-1178},
    month = {May}
}

@inproceedings{sennrich2013exploiting,
    title = {Exploiting Synergies Between Open Resources for {G}erman Dependency Parsing, {POS}-tagging, and Morphological Analysis},
    author = {Sennrich, Rico and Volk, Martin and Schneider, Gerold},
    booktitle = {Proceedings of the International Conference Recent Advances in Natural Language Processing {RANLP} 2013},
    pages = {601--609},
    year = {2013},
    publisher = {INCOMA Ltd. Shoumen, BULGARIA},
    url = {https://www.aclweb.org/anthology/R13-1079},
    month = {September}
}

@inproceedings{troiano2019crowdsourcing,
    title = {Crowdsourcing and Validating Event-focused Emotion Corpora for {G}erman and {E}nglish},
    author = {Troiano, Enrica and Pad{\'o}, Sebastian and Klinger, Roman},
    year = {2019},
    booktitle = {Proceedings of the 57th Annual Meeting of the Association for Computational Linguistics},
    doi = {10.18653/v1/P19-1391},
    pages = {4005--4011},
    publisher = {Association for Computational Linguistics},
    url = {https://www.aclweb.org/anthology/P19-1391},
    month = {July}
}

@inproceedings{yang2019paws,
    title = {{PAWS}-X: A Cross-lingual Adversarial Dataset for Paraphrase Identification},
    author = {Yang, Yinfei and Zhang, Yuan and Tar, Chris and Baldridge, Jason},
    year = {2019},
    booktitle = {Proceedings of the 2019 Conference on Empirical Methods in Natural Language Processing and the 9th International Joint Conference on Natural Language Processing (EMNLP-IJCNLP)},
    doi = {10.18653/v1/D19-1382},
    pages = {3687--3692},
    publisher = {Association for Computational Linguistics},
    url = {https://www.aclweb.org/anthology/D19-1382},
    month = {November}
}

