% This file was created with JabRef 2.3.1.
% Encoding: UTF-8

@INPROCEEDINGS{Callison-Burch2006,
  author = {Chris Callison-Burch and Miles Osborne and Philipp Koehn},
  title = {{Re-evaluating the Role of BLEU in Machine Translation Research}},
  booktitle = {Proceedings of the European Association of Computational Linguistics
	(EACL)},
  year = {2006},
  pages = {249--256},
  url = {http://www.aclweb.org/anthology/E/E06/E06-1032.pdf}
}


@BOOK{Jurafsky2009,
  title = {Speech and Language Processing},
  publisher = {Prentice Hall},
  year = {2009},
  author = {Daniel Jurafsky and James H. Martin},
  edition = {2nd}
}

@INPROCEEDINGS{Koehn2005,
  author = {Philipp Koehn},
  title = {{Europarl: A Parallel Corpus for Statistical Machine Translation}},
  booktitle = {Proceedings of the MT Summit 2005},
  year = {2005},
  pages = {79--86},
  url = {http://www.iccs.inf.ed.ac.uk/~pkoehn/publications/europarl-mtsummit05.pdf}
}


@BOOK{Manning2000,
  title = {Foundations of Statistical Natural Language Processing},
  publisher = {The MIT Press},
  year = {2000},
  author = {Christopher D. Manning and Hinrich Schütze},
  address = {Cambridge, Massachusetts; London, England},
  abstract = {Chapter 13: Statistical Alignment and Machine Translation}
}

@article{artetxe2019cross,
  title={On the cross-lingual transferability of monolingual representations},
  author={Artetxe, Mikel and Ruder, Sebastian and Yogatama, Dani},
  journal={arXiv preprint arXiv:1910.11856},
  year={2019}
}

@article{conneau2018xnli,
  title={XNLI: Evaluating cross-lingual sentence representations},
  author={Conneau, Alexis and Lample, Guillaume and Rinott, Ruty and Williams, Adina and Bowman, Samuel R and Schwenk, Holger and Stoyanov, Veselin},
  journal={arXiv preprint arXiv:1809.05053},
  year={2018}
}

@inproceedings{do2018flexible,
  title={A flexible and easy-to-use semantic role labeling framework for different languages},
  author={Do, Quynh Ngoc Thi and Leeuwenberg, Artuur and Heyman, Geert and Moens, Marie Francine},
  booktitle={Proceedings of the 27th International Conference on Computational Linguistics: System Demonstrations},
  pages={161--165},
  year={2018}
}

@article{hajivc2009conll,
  title={The CoNLL-2009 shared task: Syntactic and semantic dependencies in multiple languages},
  author={Haji{\v{c}}, Jan and Ciaramita, Massimiliano and Johansson, Richard and Kawahara, Daisuke and Mart{\'\i}, Maria Ant{\`o}nia and M{\`a}rquez, Llu{\'\i}s and Meyers, Adam and Nivre, Joakim and Pad{\'o}, Sebastian and {\v{S}}tep{\'a}nek, Jan and others},
  year={2009}
}

@misc{jurafsky2014speech,
  title={Speech and language processing. Vol. 3},
  author={Jurafsky, Dan and Martin, James H},
  year={2014},
  publisher={Pearson London London}
}

@article{jurafsky2019speech,
  title={Speech and Language Processing (draft). October 2019},
  author={Jurafsky, Daniel and Martin, James H},
  journal={URL https://web. stanford. edu/\~{} jurafsky/slp3},
  year={2019}
}

@article{lewis2019mlqa,
  title={MLQA: Evaluating cross-lingual extractive question answering},
  author={Lewis, Patrick and O{\u{g}}uz, Barlas and Rinott, Ruty and Riedel, Sebastian and Schwenk, Holger},
  journal={arXiv preprint arXiv:1910.07475},
  year={2019}
}

@inproceedings{sanger2016scare,
  title={SCARE―The Sentiment Corpus of App Reviews with Fine-grained Annotations in German},
  author={S{\"a}nger, Mario and Leser, Ulf and Kemmerer, Steffen and Adolphs, Peter and Klinger, Roman},
  booktitle={Proceedings of the Tenth International Conference on Language Resources and Evaluation (LREC'16)},
  pages={1114--1121},
  year={2016}
}

@article{schiller1999guidelines,
  title={Guidelines f{\"u}r das Tagging deutscher Textcorpora},
  author={Schiller, Anne and Teufel, Simone and St{\"o}ckert, Christine and Thielen, Christine},
  journal={University of Stuttgart/University of T{\"u}bingen},
  year={1999}
}

@inproceedings{sennrich2013exploiting,
  title={Exploiting synergies between open resources for german dependency parsing, pos-tagging, and morphological analysis},
  author={Sennrich, Rico and Volk, Martin and Schneider, Gerold},
  booktitle={Proceedings of the International Conference Recent Advances in Natural Language Processing RANLP 2013},
  pages={601--609},
  year={2013}
}

@article{troiano2019crowdsourcing,
  title={Crowdsourcing and validating event-focused emotion corpora for German and English},
  author={Troiano, Enrica and Pad{\'o}, Sebastian and Klinger, Roman},
  journal={arXiv preprint arXiv:1905.13618},
  year={2019}
}

@article{yang2019paws,
  title={PAWS-X: A cross-lingual adversarial dataset for paraphrase identification},
  author={Yang, Yinfei and Zhang, Yuan and Tar, Chris and Baldridge, Jason},
  journal={arXiv preprint arXiv:1908.11828},
  year={2019}
}
